@online{Manhattan-da,
    title={Manhattan District Attorney's Office On : Smartphone Encryption and Public Safety},
    howpublished = "\url{https://www.manhattanda.org/wp-content/themes/dany/files/2017%20Report%20of%20the%20Manhattan%20District%20Attorney%27s%20Office%20on%20Smartphone%20Encryption.pdf}",
    journal={Manhattan District Attorney's Office},
    publisher={Manhattan District Attorney's Office},
    author={Manhattan District Attorney's Office},
    year={2017},
    month={Nov},
    note={Manhattan District Attorney's Office in regards to the current state of smartphone encryption}}

@online{appleletter,
    title={A Message to Our Customers},
    howpublished = "\url{https://www.apple.com/customer-letter/}",
    journal={Apple},
    author={Tim Cook},
    year={2016},
    month={Feb},
    note={Letter to Apple customers about what the FBI wants from Apple and what they have and will do.}}

@online{inda,
    title={Definition of Software Maintenance},
    howpublished = "\url{https://economictimes.indiatimes.com/definition/software-maintenance}",
    journal={Economic Times},
    publisher={India Times},
    author={},
    year={2018},
    month={},
    note={Provides a definition of Software Maintenance}}

@online{washingtonBlaze,
    title={A key under the doormat isn't safe. Neither is an encryption backdoor.},
    howpublished = "\url{https://www.washingtonpost.com/news/in-theory/wp/2015/12/15/how-the-nsa-tried-to-build-safe-encryption-but-failed/?utm_term=.1632699b8130}",
    journal={In Theory},
    publisher={The Washington Post}
    author={Matt Blaze},
    year={2015},
    month={Dec},
    note={Matt Blaze on Clipper and Encryption}}

