
@misc{secode,
 title = {Software Engineering Code of Ethics},
 url = {http://www.acm.org/about/se-code},
 annote = {The Software Engineering Code of Ethics forms a basis for the ethical arguments in this paper.}
}

@article{nytimes,
 title = {Justices Say GPS Tracker Violated Privacy Rights},
 author = {Adam Liptak},
 url = {http://www.nytimes.com/2012/01/24/us/police-use-of-gps-is-ruled-unconstitutional.html},
 annote = {Overview of the case and arguments presented by the justices.},
 journal = {nytimes}
}

@misc{usvjonesopinions,
 title = {United States v Jones Opinions},
 url = {https://www.supremecourt.gov/opinions/11pdf/10-1259.pdf},
 year = {2011},
 annote = {The opinions of the Supreme Court Justices.}
}

@misc{usvjonesoral,
 title = {United States v Jones Oral Arguments},
 url = {https://www.supremecourt.gov/oral_arguments/argument_transcripts/10-1259.pdf},
 year = {2011},
 month = {november}
}

@article{washingtonpost,
 title = {Supreme Court limits police use of GPS tracking},
 url = {https://www.washingtonpost.com/politics/supreme-court-warrants-needed-in-gps-tracking/2012/01/23/gIQAx7qGLQ_story.html},
 author = {Robert Barnes},
 journal = {Washington Post},
 annote = {Washington Post analysis of the case.}
}

@misc{maynarddecision,
 title = {United States Court of Appeals United States v Lawrence Maynard Opinion for the Court},
 url = {https://www.eff.org/files/filenode/US_v_Jones/maynard_decision.pdf},
 year = {2010},
 month = {August},
 annote = {The Court of Appeals case that was brought to the Supreme Court, including the Appeal's court's analysis of GPS tracking.}
}

@misc{effjones,
 title = {US v Jones},
 url = {https://www.eff.org/cases/us-v-jones},
 annote = {The EFF's analysis of the case.}
}

@misc{scotusblog,
 title = {US v Jones},
 url = {http://www.scotusblog.com/case-files/cases/united-states-v-jones/},
 annote = {Overview of facts of the case with links to more resources.}
}

@misc{casebrief,
 title = {United States v Jones},
 url = {http://www.casebriefsummary.com/united-states-v-jones/},
 annote = {Summary of the scotus proceedings.}
}

@misc{aclu,
 title = {US v Jones},
 url = {https://www.aclu.org/cases/us-v-jones},
 annote = {ACLU opinion of the case with links to more resources.}
}

@misc{acluamicus,
 title = {Brief of the American Civil Liberties Union and ACLU of the Nation's Capital as Amici Curiaein Support of Respondent},
 url = {https://www.aclu.org/legal-document/us-v-jones-aclu-amicus-brief},
 annote = {ACLU Amicus sent to the Supreme Court outlining their perspective on the importance of this case}
}

@misc{pew,
 url = {http://www.pewinternet.org/2015/04/01/us-smartphone-use-in-2015/},
 title = {U.S. Smartphone Use in 2015},
 annote = {Information about smartphone usage pattern in the US.}
}

@misc{iphone,
 url = {https://www.apple.com/iphone-7/specs},
 title = {iPhone 7 Technical Spec},
 annote = {Technical specification of the iPhone 7 with information about GPS capabilities.}
}

@misc{gps,
 title = {GNSS Frequently Asked Questions - GPS},
 url = {https://www.faa.gov/about/office_org/headquarters_offices/ato/service_units/techops/navservices/gnss/faq/gps/},
 annote = {Some facts about GPS technology.}
}

@article{chillingeffect,
 url = {https://theintercept.com/2016/04/28/new-study-shows-mass-surveillance-breeds-meekness-fear-and-self-censorship/},
 title = {New Study Shows Mass Surveillance Breeds Meekness, Fear and Self-Censorship},
 author = {Glen Greenwald},
 journal = {The Intercept},
 annote = {An article describing a study that proves the consequences of the chilling effect}
}

@article{huffingtonsurveillance,
 url = {http://www.huffingtonpost.com/2013/06/18/nsa-surveillance-congress_n_3461346.html},
 title = {NSA Surveillance Largely Defended By Congress In Rare Public Hearing},
 journal = {The Washington Post},
 author = {Michael McAuliff},
 annote = {Includes opinions of various government officials on surveillance.}
}

@misc{software_def,
 url = {https://www.merriam-webster.com/dictionary/software},
 title = {Software},
 annote = {Definition of Software.}
}

@misc{privacy_def,
 url = {https://www.merriam-webster.com/dictionary/privacy},
 title = {Privacy},
 annote = {Definition of privacy.}
}

@misc{drug_impact,
 url = {https://www.justice.gov/archive/ndic/pubs38/38661/drugImpact.htm},
 title = {The Impact of Drugs on Society},
 annote = {US Department of Justice report on the impact of drug trafficking and abuse on the country as a whole.}
}

@misc{cooperate_def,
 url = {http://www.dictionary.com/browse/cooperate},
 title = {Cooperate},
 annote = {Definition of cooperate.}
}

@misc{grave_def,
 url = {https://www.merriam-webster.com/dictionary/grave},
 title = {Grave},
 annote = {Definition of grave.}
}

@misc{serious_def,
 url = {https://www.merriam-webster.com/dictionary/serious},
 title = {Serious},
 annote = {Definition of serious}
}

@misc{supreme_court_procedures,
 url = {https://www.supremecourt.gov/about/procedures.aspx},
 title = {The Court and Its Procedures},
 annote = {Procedures of the US Supreme Court}
}

@misc{public_def,
 url = {https://www.merriam-webster.com/dictionary/public},
 title = {Public},
 annote = {Definition of public}
}

@misc{concern_def,
 url = {https://www.merriam-webster.com/dictionary/concern},
 title = {Concern},
 annote = {Definition of concern.}
}

@misc{privacy_survey,
 url = {https://epic.org/privacy/survey/},
 title = {Public Opinion on Privacy},
 annote = {Compilation of surveys about public opinions of privacy.}
}

@misc{intrusion_def,
 url = {https://www.merriam-webster.com/dictionary/intrusion},
 title = {Intrusion},
 annote = {Definition of Intrusion.}
}

@misc{temper_def,
 url = {https://www.merriam-webster.com/dictionary/temper},
 title = {Temper},
 annote = {Definition of temper.}
}

@misc{support_def,
 url = {https://www.merriam-webster.com/dictionary/support},
 title = {Support},
 annote = {Definition of support.}
}

@misc{value_def,
 url = {https://www.merriam-webster.com/dictionary/value},
 title = {Value},
 annote = {Definition of value.}
}

@misc{valuable_def,
 url = {https://www.merriam-webster.com/dictionary/valuable},
 title = {Valuable},
 annote = {Definition of valuable.}
}

@misc{maintain_def,
 url = {https://www.merriam-webster.com/dictionary/maintain},
 title = {Maintain},
 annote = {Definition of maintain.}
}

@misc{participate_def,
 url = {https://www.merriam-webster.com/dictionary/participate},
 title = {Participate},
 annote = {Definition of participate}
}

@misc{direct_def,
 url = {https://www.merriam-webster.com/dictionary/direct},
 title = {Direct},
 annote = {Definition of direct.}
}

@misc{agency_def,
 url = {https://www.merriam-webster.com/dictionary/agency},
 title = {Agency},
 annote = {Definition of agency.}
}

@misc{design_def,
 url = {https://www.merriam-webster.com/dictionary/design},
 title = {Design},
 annote = {Definition of design.}
}

@misc{dictionary,
 url = {https://www.merriam-webster.com},
 title = {Merriam Webster},
 annote = {definitions}
}

@misc{constitution,
 url = {http://constitutionus.com/},
 title = {US Constitution},
 annote = {The United States Constitution}
}

@misc{aclu_privacy,
 url = {https://www.aclu.org/issues/privacy-technology},
 title = {Privacy and Technology},
 annote = {ACLU information about importance of privacy}
}

@misc{eff_privacy,
 url = {https://www.eff.org/issues/privacy},
 title = {Privacy},
 annote = {EFF discussion on importance of privacy}
}

@article{katz,
 url = {https://constitutioncenter.org/blog/katz-v-united-states-the-fourth-amendment-adapts-to-new-technology/},
 title = {Katz v. United States: The Fourth Amendment adapts to new technology},
 author = {Nicandro Iannacci},
 annote = {Overview of Katz v united States}
}

@misc{networking,
 url = {http://www.ciscopress.com/articles/article.asp?p=2181836&seqNum=3},
 title = {Cisco Networking Academy's Introduction to Basic Switching Concepts and Configuration},
 author = {Cisco Networking Academy},
 annote = {Cisco introduction to networking and switch configuration.}
}

@misc{eff_mission,
 url = {https://www.eff.org/about},
 title = {About EFF},
 annote = {EFF mission statement}
}

@misc{aclu_mission,
 url = {https://www.aclu.org/about-aclu},
 title = {About the ACLU},
 annote = {ACLU Mission}
}

@misc{silence_dogood,
 url = {https://founders.archives.gov/documents/Franklin/01-01-02-0015},
 title = {Silence Dogood, No. 8, 9 July 1722},
 author = {Benjamin Franklin},
 annote = {Benjamin Franklin writing on the freedom of speech}
}
